001  0000104
005  20170816151924.738
008  170622s||||     bl|||||||||||||||||por|u
020    $a9788534704847
040    $aPorto Alegre$bpor
090    $bL85n$c2 ed.
100 1  $aLopes, Nei
245 10 $aNovo dicionário Banto do Brasil$cNei Lopes
260    $aRio de Janeiro$bPallas$c2012
300    $a312 p.
650    $aDicionário
650    $aBanto
650    $aLinguagem
650    $aLíngua
650    $aVocabulário
